#added 2024-09-21 14.00
@article{anily1992swapping,
  title     = {The swapping problem},
  author    = {Anily, Shoshana and Hassin, Refael},
  journal   = {Networks},
  volume    = {22},
  number    = {4},
  pages     = {419--433},
  year      = {1992},
  publisher = {Wiley Online Library}
}

@article{tartan2016genetic,
  title			= {A genetic algorithm based elevator dispatching method for waiting time optimization},
  author		= {Tartan, Emre Oner and Ciftlikli, Cebrail},
  journal		= {IFAC-PapersOnLine},
  volume	  = {49},
  number		= {3},
  pages			= {424--429},
  year			= {2016},
  publisher = {Elsevier}
}

@article{tartan2016flow,
  title			= {A genetic algorithm based elevator dispatching method for waiting time optimization},
  author		= {Tartan, Emre Oner and Ciftlikli, Cebrail},
  journal		= {IFAC-PapersOnLine},
  volume	  = {49},
  number		= {3},
  pages			= {425},
  year			= {2016},
  publisher = {Elsevier}
}

@article{gharieb2005optimal,
  title={Optimal elevator group control using genetic algorithms},
	author={Gharieb, W},
	journal={Computer and Systems Engineering Dept., Faculty of Engineering Ain Shams University},
  year={2005},
  publisher={Citeseer}
}

@article{ahmed2022investigation,
  title={Investigation of Optimization Techniques on the Elevator Dispatching Problem},
  author={Ahmed, Shaher and Shekha, Mohamed and Skran, Suhaila and Bassyouny, Abdelrahman},
  journal={arXiv preprint arXiv:2202.13092},
  year={2022}
}

@article{lim2017crossover,
  title={Crossover and mutation operators of genetic algorithms},
  author={Lim, Siew Mooi and Sultan, Abu Bakar Md and Sulaiman, Md Nasir and Mustapha, Aida and Leong, Kuan Yew},
  journal={International journal of machine learning and computing},
  volume={7},
  number={1},
  pages={9--12},
  year={2017},
  publisher={EJournal Publishing}
}

